<?xml version="1.0" encoding="UTF-8"?><collection xmlns="http://www.loc.gov/MARC21/slim"><record><leader>00640nam--2200193-i-4500</leader><controlfield tag="001">000034436</controlfield><controlfield tag="002">20161230</controlfield><controlfield tag="005">20161230201040</controlfield><controlfield tag="008">060222s1000------------r-----000-0-eng-d</controlfield><datafield ind1=" " ind2=" " tag="020"><subfield code="a">0123259509</subfield></datafield><datafield ind1=" " ind2=" " tag="040"><subfield code="a">IFIN-HH</subfield></datafield><datafield ind1=" " ind2=" " tag="080"><subfield code="a">535.131(061.3)</subfield></datafield><datafield ind1="1" ind2=" " tag="100"><subfield code="a">Harper, Philip G</subfield></datafield><datafield ind1="1" ind2="0" tag="245"><subfield code="a">Nonlinear optics</subfield><subfield code="b">Proceedings of the sixteenth scottish universities summer school in physics, 1975. a nato advanced study institute</subfield><subfield code="c">PHILIP G. HARPER; BRIAN S. WHERRETT (Eds.)</subfield></datafield><datafield ind1=" " ind2=" " tag="260"><subfield code="a">SAN FRANCISCO</subfield><subfield code="b">Academic Press</subfield><subfield code="c">1977</subfield></datafield><datafield ind1=" " ind2=" " tag="300"><subfield code="a">XIII + 432P</subfield></datafield><datafield ind1=" " ind2=" " tag="700"><subfield code="a">Wherrett, Brian S</subfield><subfield code="e">Ed</subfield></datafield><datafield ind1=" " ind2=" " tag="852"><subfield code="a">46650</subfield><subfield code="c">535</subfield></datafield><datafield ind1=" " ind2=" " tag="CAT"><subfield code="a">Sys</subfield><subfield code="c">20101123</subfield><subfield code="h">114257</subfield></datafield></record></collection>